@Book{knuth:84,
  author = 	 {Donald E. Knuth},
  title = 	 {The {\TeX} Book},
  publisher = 	 {Addison-Wesley},
  year = 	 {1984},
  edition = 	 {15th}
}

@InCollection{boulic:91,
  author = 	 {R. Boulic and O. Renault},
  title = 	 {3D Hierarchies for Animation},
  booktitle = 	 {New Trends in Animation and Visualization},
  publisher =    {John Wiley {\&} Sons ltd.},
  year = 	 {1991},
  editor = 	 {Nadia Magnenat-Thalmann and Daniel Thalmann}
}

@InCollection{smith:99,
  author = 	 {A. Smith and B. Jones},
  title = 	 {On the Complexity of Computing},
  booktitle = 	 {Advances in Computer Science},
  pages = 	 {555--566},
  publisher =    {Publishing Press},
  year = 	 {1999},
  editor = 	 {A. B. Smith-Jones}
}

@Article{rumelhart1986learning,
  title={Learning representations by back-propagating errors},
  author={Rumelhart, David E and Hinton, Geoffrey E and Williams, Ronald J},
  journal={Nature},
  volume={323},
  number={6088},
  pages={533--536},
  year={1986},
  publisher={Nature Publishing Group}
}

@InProceedings{lecun1988theoretical,
  title={A theoretical framework for back-propagation},
  author={LeCun, Yann and Touresky, David and Hinton, Geoffrey},
  booktitle={Proceedings of the 1988 connectionist models summer school},
  pages={21--28},
  year={1988}
}

@InProceedings{macqueen1967some,
  title={Some methods for classification and analysis of multivariate observations},
  author={MacQueen, James},
  booktitle={Proceedings of the fifth Berkeley symposium on mathematical statistics and probability},
  volume={1},
  pages={281--297},
  year={1967},
  organization={Oakland, CA, USA}
}

@Article{lloyd1982least,
  title={Least squares quantization in {PCM}},
  author={Lloyd, Stuart},
  journal={IEEE Transactions on Information Theory},
  volume={28},
  number={2},
  pages={129--137},
  year={1982},
  publisher={IEEE}
}

@InProceedings{baldi2012autoencoders,
  title={Autoencoders, unsupervised learning, and deep architectures},
  author={Baldi, Pierre},
  booktitle={Proceedings of ICML workshop on unsupervised and transfer learning},
  pages={37--49},
  year={2012},
  organization={JMLR Workshop and Conference Proceedings}
}

@InProceedings{xie2016unsupervised,
  title={Unsupervised deep embedding for clustering analysis},
  author={Xie, Junyuan and Girshick, Ross and Farhadi, Ali},
  booktitle={Proceedings of the 33rd International Conference on Machine Learning (ICML)},
  pages={478--487},
  year={2016},
  organization={PMLR}
}

@InProceedings{campello2013density,
  title={Density-based clustering based on hierarchical density estimates},
  author={Campello, Ricardo JGB and Moulavi, Davoud and Sander, J{\"o}rg},
  booktitle={Pacific-Asia conference on knowledge discovery and data mining},
  pages={160--172},
  year={2013},
  organization={Springer}
}

@InProceedings{drachen2016esports,
  title={Esports analytics through encounter detection},
  author={Drachen, Anders and Schubert, Matthias},
  booktitle={MIT Sloan Sports Analytics Conference},
  year={2016}
}

@Article{costa2023artificial,
  title={Artificial intelligence in {MOBA} games: A multivocal literature mapping},
  author={Costa, Luiz M and Drachen, Anders and Souza, Fl{\'a}vio CM and Sch{\"o}n, Dag},
  journal={IEEE Transactions on Games},
  volume={15},
  number={3},
  pages={392--405},
  year={2023},
  publisher={IEEE}
}

@Article{font2017dota,
  title={The {Dota 2} bot competition},
  author={Font, Jos{\'e} M and Mahlmann, Tobias},
  journal={IEEE Transactions on Games},
  volume={11},
  number={3},
  pages={285--297},
  year={2017},
  publisher={IEEE}
}

@InProceedings{schubert2016esports,
  title={Esports analytics through encounter detection},
  author={Schubert, Matthias and Drachen, Anders and Mahlmann, Tobias},
  booktitle={Proceedings of the MIT Sloan Sports Analytics Conference},
  year={2016}
}

@Article{kamal2025machine,
  title={Machine learning applications in multiplayer online battle arena esports: A systematic review},
  author={Kamal, Azrul Amri and Mansor, Mohd Azinuddin and Truna, Lukman and Daud, Siti Madhihah},
  journal={Pertanika Journal of Science \& Technology},
  volume={33},
  number={2},
  pages={461--482},
  year={2025}
}

@InProceedings{eggert2015classification,
  title={Classification of player roles in the team-based multi-player game {Dota 2}},
  author={Eggert, Christoph and Herrlich, Marc and Smeddinck, Jan and Malaka, Rainer},
  booktitle={Entertainment Computing--ICEC 2015},
  pages={112--125},
  year={2015},
  publisher={Springer}
}

@Article{katona2019time,
  title={Time to die: Death prediction in {Dota 2} using deep learning},
  author={Katona, Athanasios and Spick, Robert and Hodge, Victoria J and Demediuk, Simon and Block, Florian and Drachen, Anders and Walker, James A},
  journal={IEEE Transactions on Games},
  volume={12},
  number={3},
  pages={273--284},
  year={2019},
  publisher={IEEE}
}

@MastersThesis{cadman2024studying,
  title={Studying the effects of team composition in role-based competitive video games},
  author={Cadman, Alexander},
  year={2024},
  school={Lancaster University},
  note={Department of Computer Science}
}

@MastersThesis{ijas2021spatial,
  title={Spatial analytics in competitive gaming and e-sports},
  author={Ij{\"a}s, Tuuli Toiviainen},
  year={2021},
  school={University of Helsinki},
  note={Department of Geosciences and Geography}
}

@Book{goodfellow2016deep,
  title={Deep Learning},
  author={Goodfellow, Ian and Bengio, Yoshua and Courville, Aaron},
  year={2016},
  publisher={MIT Press}
}

@Article{min2018survey,
  title={A survey of clustering with deep learning: From the perspective of network architecture},
  author={Min, Erxue and Guo, Xifeng and Liu, Qiang and Zhang, Gen and Cui, Jianjing and Long, Jin},
  journal={IEEE Access},
  volume={6},
  pages={39501--39514},
  year={2018},
  publisher={IEEE}
}

@Article{maaten2008visualizing,
  title={Visualizing data using t-{SNE}},
  author={van der Maaten, Laurens and Hinton, Geoffrey},
  journal={Journal of machine learning research},
  volume={9},
  number={11},
  pages={2579--2605},
  year={2008}
}

@techreport{le2015tutorial,
  title={A tutorial on deep learning part 2: Autoencoders, convolutional neural networks and recurrent neural networks},
  author={Le, Quoc V},
  institution={Google Brain},
  year={2015},
  type={Technical Report}
}

@misc{opendota2024,
  title={Open source {Dota 2} {API}},
  author={{OpenDota}},
  year={2024},
  url={https://docs.opendota.com},
  note={Acessado em: dezembro 2024}
}

@misc{kaggle_dota2,
  title={{Dota 2} Pro League Matches 2023},
  author={Kaggle},
  url={https://www.kaggle.com/datasets/bwandowando/dota-2-pro-league-matches-2023/data},
  note={Acessado em: dezembro 2024}
}
@misc{openai2017,
  title={Dota 2},
  author={OpenAI},
  year={2017},
  url={https://openai.com/index/dota-2/},
  note={Acessado em: dezembro 2024}
}

@misc{openai2018,
  title={OpenAI Five},
  author={OpenAI},
  year={2018},
  url={https://openai.com/research/openai-five},
  note={Acessado em: dezembro 2024}
}